<?xml version="1.0" encoding="UTF-8"?><collection xmlns="http://www.loc.gov/MARC21/slim"><record><leader>00388nam--2200133-i-4500</leader><controlfield tag="001">000009448</controlfield><controlfield tag="002">20161230</controlfield><controlfield tag="005">20170305230025</controlfield><controlfield tag="008">060222s1000------------r-----000-0-eng-d</controlfield><datafield ind1=" " ind2=" " tag="245"><subfield code="a">Bibliography of laser publications of interest to emission spectroscopists</subfield></datafield><datafield ind1=" " ind2=" " tag="260"><subfield code="a">Idaho Falls</subfield><subfield code="b">Idaho Nuclear Corp</subfield><subfield code="c">1970</subfield></datafield><datafield ind1=" " ind2=" " tag="300"><subfield code="a">Iii+15 p</subfield></datafield><datafield ind1=" " ind2=" " tag="700"><subfield code="a">Baldwin, Jon M</subfield></datafield><datafield ind1=" " ind2=" " tag="CAT"><subfield code="a">SYS</subfield><subfield code="c">20170305</subfield><subfield code="h">230025</subfield></datafield></record></collection>